<record><leader>00000cas a22000007a 4500</leader><controlfield tag="001">9482126</controlfield><controlfield tag="008">830505d1846184umauwr ne      0    0eng d</controlfield><datafield ind1=" " ind2=" " tag="010"><subfield code="a">sn 83020681 </subfield></datafield><datafield ind1=" " ind2=" " tag="040"><subfield code="a">NPX</subfield><subfield code="b">eng</subfield><subfield code="c">NPX</subfield><subfield code="d">MGN</subfield><subfield code="d">OCLCQ</subfield></datafield><datafield ind1=" " ind2=" " tag="042"><subfield code="a">msc</subfield></datafield><datafield ind1="0" ind2="0" tag="245"><subfield code="a">Berkshire courier and Housatonic mirror.</subfield></datafield><datafield ind1=" " ind2=" " tag="260"><subfield code="a">Great Barrington, Mass. :</subfield><subfield code="b">Cushing &amp; Dewey</subfield></datafield><datafield ind1=" " ind2=" " tag="300"><subfield code="a">v.</subfield></datafield><datafield ind1=" " ind2=" " tag="310"><subfield code="a">Weekly</subfield></datafield><datafield ind1="1" ind2=" " tag="362"><subfield code="a">Began in 1846?</subfield></datafield><datafield ind1=" " ind2=" " tag="588"><subfield code="a">Description based on: Vol. 1, no. 44 (Feb. 25, 1847).</subfield></datafield><datafield ind1=" " ind2=" " tag="752"><subfield code="a">United States</subfield><subfield code="b">Massachusetts</subfield><subfield code="c">Berkshire</subfield><subfield code="d">Great Barrington.</subfield></datafield><datafield ind1="0" ind2="4" tag="780"><subfield code="t">Berkshire courier and Great Barrington gazette</subfield><subfield code="w">(DLC)sn 83020677</subfield></datafield><datafield ind1="0" ind2="4" tag="780"><subfield code="t">Housatonic mirror</subfield><subfield code="w">(DLC)sn 83020680</subfield></datafield><datafield ind1="0" ind2="0" tag="785"><subfield code="t">Berkshire courier (1848)</subfield><subfield code="w">(DLC)sn 83020682</subfield></datafield></record>